1810 2988
112 325 167 379 ³22ss

194 735 398 784 Tradimus
433 748 540 784 hodie
572 749 611 784 in
642 759 770 783 manus
805 749 973 783 omnibus
1001 749 1073 791 eis,
1108 748 1171 794 qui
1205 748 1536 793 coleopterologica
1562 748 1687 784 studia

50 815 176 850 colunt
203 817 381 858 amantve,
408 813 564 859 catalogi
589 813 883 858 coleopterorum
902 814 1082 858 Europae,
1102 814 1166 859 qui
1184 813 1382 848 novissime
1402 814 1440 848 in
1464 813 1583 849 lucem
1603 824 1686 859 pro-

50 880 118 915 diit
144 882 227 915 ante
253 879 318 914 hos
345 890 409 914 sex
435 890 560 923 annos,
588 879 610 914 1.
630 890 660 914 0.
688 890 782 914 anno
804 881 904 922 1877,
932 889 1062 913 novam
1082 879 1292 914 editionem.
1331 878 1495 914 Plurima
1520 878 1683 923 fuerunt,

54 956 147 991 quae
167 944 311 987 addere,
332 944 521 990 ampliare,
540 943 674 985 delere,
693 943 849 989 denique
868 954 1002 979 novare
1023 945 1228 989 oporteret:
1248 944 1406 979 multum
1425 945 1521 979 enim
1538 944 1647 987 atque
1666 955 1687 978 a

53 1011 180 1045 multis
207 1021 290 1045 cum
316 1020 477 1054 semper,
510 1011 589 1044 tum
621 1009 677 1044 his
712 1020 775 1044 sex
801 1010 906 1044 annis
940 1010 979 1044 in
1003 1009 1076 1044 illis
1104 1009 1238 1044 studiis
1266 1009 1438 1044 sudatum
1466 1012 1537 1053 est,
1570 1009 1687 1044 multa

56 1087 183 1111 recens
211 1075 370 1119 detecta,
398 1075 504 1120 plura
531 1074 717 1117 ordinata,
743 1074 932 1119 disposita.

194 1141 248 1177 Ita
284 1139 421 1175 factum
459 1142 531 1184 est,
569 1142 610 1174 ut
649 1151 669 1174 a
701 1140 805 1175 nobis
840 1150 1004 1185 quoque,
1043 1151 1126 1174 cum
1157 1139 1253 1175 hunc
1292 1139 1497 1185 catalogum
1530 1141 1686 1175 conscri-

54 1206 244 1249 heremus,
272 1204 455 1252 quaedam
482 1190 716 1241 novarentur.
766 1204 950 1240 Novatum
977 1207 1033 1240 est
1058 1207 1205 1250 praeter
1231 1208 1376 1240 caetera
1401 1205 1439 1239 in
1464 1204 1687 1240 familiarum

53 1270 304 1316 dispositione.
357 1270 460 1314 Quae
490 1271 585 1306 enim
612 1269 772 1306 familiae
800 1270 961 1305 naturali
988 1270 1146 1316 quadam
1174 1270 1388 1315 cognatione
1414 1271 1511 1305 inter
1536 1281 1575 1306 se
1603 1281 1688 1306 con-

57 1337 168 1371 tineri
200 1336 430 1379 viderentur,
473 1347 534 1371 eas
566 1336 603 1370 in
636 1336 797 1380 singulas
830 1336 935 1381 quasi
967 1335 1084 1370 tribus
1125 1336 1438 1380 congregavimus.
1488 1335 1591 1371 Nova
1628 1336 1686 1370 his

56 1402 243 1437 sodaliciis
272 1402 426 1436 nomina
444 1401 631 1447 imponere
650 1412 721 1437 non
746 1401 895 1446 placuit.
934 1401 1091 1436 Nomina
1117 1402 1244 1447 utique
1271 1400 1415 1436 abunde
1442 1403 1538 1436 sunt.
1577 1401 1689 1436 Linea

52 1468 178 1502 tamen
204 1467 325 1502 brevis
353 1468 389 1502 et
416 1466 563 1502 obesior
588 1466 627 1501 in
653 1467 782 1512 quovis
811 1467 967 1502 termino
993 1468 1130 1502 metam
1156 1466 1277 1501 faciet.

197 1532 386 1576 Alterum,
432 1531 530 1577 quod
577 1530 736 1576 praefari
781 1533 943 1577 oportet,
988 1534 1041 1566 est
1080 1531 1124 1567 de
1163 1531 1310 1566 Faunae
1354 1534 1501 1567 nostrae
1543 1531 1687 1567 finibus.

56 1598 181 1643 Atque
207 1598 244 1632 in
271 1598 488 1632 universum
515 1597 664 1642 quidem
690 1597 747 1631 hic
780 1597 925 1632 libellus
953 1596 1092 1632 eisdem
1118 1597 1250 1631 finibus
1278 1607 1317 1631 se
1335 1597 1511 1636 continet,
1540 1597 1688 1643 quibus,

54 1663 118 1708 qui
163 1674 246 1698 eum
294 1662 503 1698 antecessit.
568 1662 895 1697 Transcaucasicas
939 1664 1063 1697 tamen
1107 1664 1143 1697 et
1180 1662 1482 1698 Lenkoranenses
1521 1663 1688 1707 regiones

59 1731 268 1773 assumptas
295 1727 449 1763 videbis
502 1727 603 1771 Quae
628 1727 853 1772 provinciae,
881 1729 920 1762 ut
945 1726 1053 1763 hodie
1078 1738 1137 1762 res
1165 1727 1345 1772 sehabet,
1371 1728 1536 1772 separari
1555 1739 1595 1763 ac
1615 1727 1688 1763 dis-

54 1793 160 1839 jungi
177 1793 221 1828 ab
241 1794 294 1829 eis
313 1793 523 1838 provinciis,
549 1804 643 1838 quae
663 1792 754 1828 citra
773 1795 870 1837 sunt,
897 1793 958 1828 vix
977 1794 1015 1828 et
1032 1804 1076 1828 ne
1096 1794 1157 1827 vix
1176 1793 1324 1838 quidem
1342 1795 1511 1838 possunt3
1530 1793 1688 1838 quando,

59 1859 90 1893 si
111 1858 199 1904 quid
216 1858 442 1894 insectorum
460 1858 506 1894 ad
523 1858 621 1894 hunc
639 1846 737 1894 diem
755 1869 800 1893 ex
818 1858 890 1893 illis
910 1858 1117 1903 longinquis
1138 1858 1227 1894 locis
1247 1858 1468 1904 accepimus,
1494 1858 1688 1894 confusum

59 1924 277 1969 plerumque
304 1928 339 1959 et
364 1924 618 1969 inseparatum
644 1924 745 1959 venit
771 1927 881 1969 atque
906 1924 976 1967 ita,
1004 1926 1044 1959 ut
1070 1924 1277 1959 accuratior
1302 1925 1443 1968 patriae
1470 1924 1689 1969 perscriptio

57 1989 214 2025 deesset.

196 2054 481 2090 Abbreviaturis
501 2065 627 2090 eorum
646 2053 916 2098 vocabulorum,
941 2065 1034 2100 quae
1058 2055 1217 2100 patriam
1235 2055 1451 2099 significant,
1472 2054 1610 2090 eisdem
1630 2055 1688 2090 usi

56 2130 197 2162 sumuS,
224 2119 357 2164 quibus
385 2122 504 2156 antea.
545 2120 699 2155 Factum
717 2121 841 2155 tamen
867 2122 924 2155 est
941 2119 999 2154 1110
1017 2119 1093 2156 11110
1111 2119 1317 2164 compendii
1335 2121 1464 2164 gratia,
1483 2122 1525 2155 ut
1542 2121 1686 2155 univer-

59 2185 147 2220 salis
166 2185 348 2230 quaedam
374 2185 515 2230 patriae
534 2185 751 2229 significatio
770 2196 836 2230 pro
854 2185 1023 2230 pluribus
1044 2185 1268 2231 specialibus
1286 2187 1502 2230 poneretur,
1528 2186 1685 2230 etiamsi,

57 2249 101 2285 de
143 2261 213 2295 qua
248 2250 402 2285 bestiola
429 2251 617 2295 agebatur,
645 2250 743 2285 illius
771 2261 881 2286 zonae
908 2261 982 2285 non
1008 2260 1152 2286 omnem
1171 2250 1291 2286 locum
1309 2249 1467 2286 incolere
1487 2250 1687 2286 videretur.

57 2314 113 2350 Ita
140 2315 237 2361 leges
271 2326 379 2360 saepe
412 2316 452 2350 E.
477 2315 568 2357 md,
594 2315 634 2350 E.
654 2315 701 2359 b.,
735 2315 775 2350 E.
794 2326 841 2350 m.
868 2318 936 2350 etc.
988 2315 1143 2351 Perinde
1171 2315 1428 2361 compendium
1454 2315 1556 2356 fecit,
1590 2315 1688 2361 quod

56 2391 317 2426 nonnunquam
356 2381 669 2415 continuationem
701 2380 882 2420 locorum,
923 2381 1056 2426 quibus
1092 2382 1231 2426 species
1258 2380 1382 2426 aliqua
1408 2383 1551 2425 reperta
1579 2383 1687 2425 esset,

61 2455 81 2479 a
100 2447 204 2490 tergo
225 2456 353 2480 eorum
372 2445 634 2480 vocabulorum
654 2456 884 2492 poneremus,
913 2446 1046 2492 quibus
1073 2446 1172 2481 illius
1198 2447 1313 2490 ipsius
1333 2447 1467 2491 speciei
1487 2457 1689 2492 synonyma

58 2512 95 2545 et
121 2510 317 2545 varietates
344 2511 629 2546 continerentur.

205 2575 308 2620 Quod
337 2579 464 2620 restat,
490 2576 579 2612 haec
606 2576 773 2611 volumus
800 2576 916 2612 lector
942 2576 1127 2612 observes.
1179 2576 1281 2621 Quae
1308 2576 1484 2612 vocabula
1516 2587 1537 2612 a
1568 2577 1688 2622 capite

58 2640 176 2676 lineae
202 2641 437 2686 reduximus,
472 2651 676 2686 synonyma
707 2652 787 2677 esse
815 2642 917 2677 scito.
969 2641 1093 2677 Litera
1120 2653 1158 2686 v,
1185 2653 1267 2677 cum
1293 2642 1513 2677 vocabulum
1540 2641 1688 2687 aliquod

58 2705 254 2750 antecedit,
280 2707 495 2742 varietatem
521 2706 712 2751 significat,
739 2707 845 2742 litera
868 2717 903 2741 m
930 2707 1257 2742 monstrositatem.
1297 2706 1335 2742 Si
1355 2717 1426 2752 quo
1445 2707 1524 2742 loco
1543 2699 1689 2751 signum

60 2778 102 2806 ><
122 2770 293 2815 reperies,
321 2772 379 2806 est
403 2770 468 2806 illa
494 2771 635 2816 species
663 2783 707 2807 ex
734 2772 800 2816 eis,
826 2771 870 2807 de
897 2772 1050 2818 quibus,
1077 2783 1165 2807 rene
1192 2783 1279 2807 vera
1304 2772 1490 2817 Europam
1515 2771 1688 2814 incolant,

58 2835 267 2880 ambigitur.
310 2835 483 2872 Advenas
502 2836 614 2872 etiam
632 2838 668 2872 et
686 2836 850 2882 hospites
869 2837 922 2872 310
941 2837 1244 2882 significavimus,
1271 2837 1351 2883 qui,
1376 2848 1459 2872 cum
1478 2837 1632 2872 navibus
1652 2837 1688 2872 in

60 2900 245 2946 Europam
263 2900 510 2945 advenissent,
532 2901 657 2938 sedem
677 2901 773 2947 apud
792 2912 858 2938 nos
874 2905 1049 2947 ceperunt
1063 2905 1099 2938 et
1115 2902 1335 2949 quibusdam
1349 2902 1439 2938 locis
1453 2902 1685 2948 colliguntur.
